@article{velickovic2017graph,
  title={Graph attention networks},
  author={Velickovic, Petar and Cucurull, Guillem and Casanova, Arantxa and Romero, Adriana and Lio, Pietro and Bengio, Yoshua},
  journal={stat},
  volume={1050},
  pages={20},
  year={2017}
}

@article{kosaraju2019social,
  title={Social-bigat: Multimodal trajectory forecasting using bicycle-gan and graph attention networks},
  author={Kosaraju, Vineet and Sadeghian, Amir and Mart{\'\i}n-Mart{\'\i}n, Roberto and Reid, Ian and Rezatofighi, Hamid and Savarese, Silvio},
  journal={Advances in Neural Information Processing Systems},
  volume={32},
  year={2019}
}